@article{Shiyao,
    author =       "Shiyao Wang1 and Minlie Huang and Zhidong Deng",
    title =        "{Densely Connected CNN with Multi-scale Feature Attention for Text Classification}.",
    journal = "In IJCAI",
    pages =        "4468–4474",
    year =         "2018",
}
@article{Blunsom,
    author =       "Phil Blunsom and Edward Grefenstette and Nal Kalchbrenner",
    title =        "{A convolutional neural network for modelling sentences}.",
    journal =      "In ACL",
    year =         "2014",
}
@article{Lei,
    author =       "Tao Lei and Regina Barzilay and Tommi S.
Jaakkola",
    title =        "{Molding cnns for text: non-linear, nonconsecutive convolutions}.",
    pages =      "1565-1575",
    year =         "2015",
}
@article{Zhang,
    author =       "Xiang Zhang and Junbo Zhao and Yann
LeCun",
    title =        "{Character-level convolutional networks for text classification.}.",
    journal = "In NIPS",
    pages =      "649-657",
    year =         "2015",
}
@article{Conneau,
    author =       "Alexis Conneau, Holger Schwenk,Lo¨ıc Barrault, and Yann Lecun",
    title =        "{Very deep convolutional networks for natural language processing..}.",
    journal = "In EACL",
    year =         "2017",
}
@article{Kim,
    author =       "Yoon Kim",
    title =        "{Convolutional neural networks for
sentence classification}.",
    journal =      "In ENMLP",
    pages =        "1746-1751",
    year =         "2014",
}
@article{Wang,
    author =       "Jin Wang and Zhongyuan Wang and Dawei
Zhang and Jun Yan.",
    title =        "{Combining knowledge with deep convolutional neural networks for short text classification}.",
    journal =      "In IJCAI",
    pages =        "2915–2921",
    year =         "2017",
}
@article{ZhangT,
    author =       "Tianyang Zhang and Minlie Huang and and Li Zhao",
    title =        "{Learning structured representation for text classification via reinforcement learning}.",
    journal = "In AAAI",
    year =         "2018",
}
@article{nair,
    author =       "Vinod Nair and Geoffrey E Hinton",
    title =        "{Rectified linear units improve restricted boltzmann ma- chines}.",
    journal = "In ICML",
    year =         "2010",
}
@article{2017a,
    author =       "Gao Huang, Zhuang Liu, Laurens van der Maaten, and Kilian Q Weinberger",
    title =        "{Densely con- nected convolutional networks}.",
    journal = "In CVPR",
    year =         "2017",
}

@article{2017b,
    author =       "Minlie Huang, Qiao Qian, and Xi- aoyan Zhu",
    title =        "{Encoding syntactic knowledge in neural net- works for sentiment classification}.",
    journal = "In ACM Transactions on Information Systems (TOIS)",
    year =         "2017",
}


@article{xu,
    author =       "Kelvin Xu, Jimmy Ba, Ryan Kiros, Kyunghyun Cho, Aaron Courville, Ruslan Salakhudinov, Rich Zemel, and Yoshua Bengio",
    title =        "{Show, attend and tell: Neural image caption generation with visual attention}.",
    journal = "In ICML",
    year =         "2015",
}
